%% LaTeX2e file `Ref.bib'
%% generated by the `filecontents' environment
%% from source `cv_11' on 2020/07/25.
%%
 @article{goyal2018robust,
  title={Robust methods for real-time diabetic foot ulcer detection and localization on mobile devices},
  author={Goyal, Manu and Reeves, Neil D and Rajbhandari, Satyan and Yap, Moi Hoon},
  journal={IEEE journal of biomedical and health informatics},
  volume={23},
  number={4},
  pages={1730--1741},
  year={2018},
  publisher={IEEE}
 }
 @inproceedings{goyal2017fully,
  title={Fully convolutional networks for diabetic foot ulcer segmentation},
  author={Goyal, Manu and Yap, Moi Hoon and Reeves, Neil D and Rajbhandari, Satyan and Spragg, Jennifer},
  booktitle={2017 IEEE International Conference on Systems, Man, and Cybernetics (SMC)},
  pages={618--623},
  year={2017},
  organization={IEEE}
 }
 @article{goyal2020recognition,
  title={Recognition of ischaemia and infection in diabetic foot ulcers: Dataset and techniques},
  author={Goyal, Manu and Reeves, Neil D and Rajbhandari, Satyan and Ahmad, Naseer and Wang, Chuan and Yap, Moi Hoon},
  journal={Computers in Biology and Medicine},
  pages={103616},
  year={2020},
  publisher={Elsevier}
 }
 @article{goyal2018dfunet,
  title={Dfunet: Convolutional neural networks for diabetic foot ulcer classification},
  author={Goyal, Manu and Reeves, Neil D and Davison, Adrian K and Rajbhandari, Satyan and Spragg, Jennifer and Yap, Moi Hoon},
  journal={IEEE Transactions on Emerging Topics in Computational Intelligence},
  year={2018},
  publisher={IEEE}
 }
 @article{goyal2017multi,
  title={Multi-class semantic segmentation of skin lesions via fully convolutional networks},
  author={Goyal, Manu and Hassanpour, Saeed and Yap, Moi Hoon},
  journal={Biostec},
  year={2020}
 }
 @article{goyal2019artificial,
  title={Artificial Intelligence for Diagnosis of Skin Cancer: Challenges and Opportunities},
  author={Goyal, Manu and Knackstedt, Thomas and Yan, Shaofeng and Hassanpour, Saeed},
  journal={arXiv preprint arXiv:1911.11872},
  year={2019}
 }
 @Article{goyalartificial,
  author  = {Goyal, Manu},
  title   = {Artificial intelligence in dermatology},
  journal = {DermNet NZ},
  url     = {https://www.dermnetnz.org/topics/artificial-intelligence/},
 }
 @article{goyal2019skin,
  title={Skin Lesion Segmentation in Dermoscopic Images with Ensemble Deep Learning Methods},
  author={Goyal, Manu and Oakley, Amanda and Bansal, Priyanka and Dancey, Darren and Yap, Moi Hoon},
  journal={IEEE Access},
  year={2019},
  publisher={IEEE}
 }
 @inproceedings{hua2019effect,
  title={The effect of color constancy algorithms on semantic segmentation of skin lesions},
  author={hua Ng, Jia and Goyal, Manu and Hewitt, Brett and Yap, Moi Hoon},
  booktitle={Medical Imaging 2019: Biomedical Applications in Molecular, Structural, and Functional Imaging},
  volume={10953},
  pages={109530R},
  year={2019},
  organization={International Society for Optics and Photonics}
 }
 @inproceedings{goyal2019skin,
  title={Skin lesion boundary segmentation with fully automated deep extreme cut methods},
  author={Goyal, Manu and Ng, Jiahua and Oakley, Amanda and Yap, Moi Hoon},
  booktitle={Medical Imaging 2019: Biomedical Applications in Molecular, Structural, and Functional Imaging},
  volume={10953},
  pages={109530Q},
  year={2019},
  organization={International Society for Optics and Photonics}
 }
 @article{goyal2018region,
  title={Region of Interest Detection in Dermoscopic Images for Natural Data-augmentation},
  author={Goyal, Manu and Hassanpour, Saeed and Yap, Moi Hoon},
  journal={arXiv preprint arXiv:1807.10711},
  year={2018}
 }
 @article{yap2018breast,
  title={Breast ultrasound lesions recognition: end-to-end deep learning approaches},
  author={Yap, Moi Hoon and Goyal, Manu and Osman, Fatima M and Mart{\'\i}, Robert and Denton, Erika and Juette, Arne and Zwiggelaar, Reyer},
  journal={Journal of Medical Imaging},
  volume={6},
  number={1},
  pages={011007},
  year={2018},
  publisher={International Society for Optics and Photonics}
 }
 @inproceedings{yap2018end,
  title={End-to-end breast ultrasound lesions recognition with a deep learning approach},
  author={Yap, Moi Hoon and Goyal, Manu and Osman, Fatima and Ahmad, Ezak and Mart{\'\i}, Robert and Denton, Erika and Juette, Arne and Zwiggelaar, Reyer},
  booktitle={Medical Imaging 2018: Biomedical Applications in Molecular, Structural, and Functional Imaging},
  volume={10578},
  pages={1057819},
  year={2018},
  organization={International Society for Optics and Photonics}
 }
 @article{yap2020breast,
  title={Breast Ultrasound Region of Interest Detection and Lesion Localisation},
  author={Yap, Moi Hoon and Goyal, Manu and Osman, Fatima M and Mart{\'\i}, Robert and Denton, Erika and Juette, Arne and Zwiggelaar, Reyer},
  journal={Artificial Intelligence in Medicine},
  year={2020},
  publisher={Elsevier}
 }
 @phdthesis{shaubari2018automatic,
  title={Automatic segmentation of the human thigh muscles in magnetic resonance imaging},
  author={Shaubari, Ezak Fadzrin Ahmad},
  year={2018},
  school={Manchester Metropolitan University}
 }
